<?xml version="1.0" encoding="UTF-8"?><collection xmlns="http://www.loc.gov/MARC21/slim"><record><leader>00322nam--2200133-i-4500</leader><controlfield tag="001">000017886</controlfield><controlfield tag="002">20161230</controlfield><controlfield tag="005">20161230201032</controlfield><controlfield tag="008">060222s1000------------r-----000-0-eng-d</controlfield><datafield ind1=" " ind2=" " tag="080"><subfield code="a">78</subfield></datafield><datafield ind1=" " ind2=" " tag="100"><subfield code="a">Fortrat, R</subfield></datafield><datafield ind1=" " ind2=" " tag="245"><subfield code="a">Lecons de radio-electricite. ed.ii</subfield></datafield><datafield ind1=" " ind2=" " tag="260"><subfield code="a">Paris, Masson Et C-ie Ed. 1947. 448 P</subfield></datafield><datafield ind1=" " ind2=" " tag="852"><subfield code="a">10388</subfield></datafield></record></collection>